%Place the BibTex here
@article{ghaffari,
    author =      "Ali Ghaffari",
    title =        "{Congestion control mechanisms in wireless sensor networks: A survey}",
    journal =      "Journal of Netwrok and Computer Applications",
    volume =       "52",
    pages =        "101 - 115",
    year =         "June 2015",
    DOI =          "https://doi.org/10.1016/j.jnca.2015.03.002",
    keywords =     "congestion control"
}

@article{kang,
    author =      "Jaewon Kang and Yanyong Zhang and Badri Nath" ,
    title =        "{TARA: Topology-Aware Resource Adaptation to
Alleviate Congestion in Sensor Networks}",
    journal =      "IEEE Transactions on Parallel and Distributed Systems",
    volume =       "18",
    number=         "7",
    pages =        "919 - 931",
    year =         "July 2007",
    DOI =          " https://10.1109/TPDS.2007.1030",
    keywords =     "congestion control"
}

@article{bala,
    author =      { "Tarun Bala and Varsha Bhatia and Sunita Kumawat and Vivek Jaglan" },
    title =        "{A survey: Issues and challenges in Wireless sensor networks}",
    journal =      "International Journal of Engineering and Technology",
    volume =       "8",
    number =       "2.4",
    pages =        "53 - 55",
    year =         "2018",
    DOI =          "https://10.14419/ijet.v7i2.4.10041",
    keywords =     "challenges, issue"
}

@article{yick,
    author =      { "Jennifer Yick and Biswanath Mukherjee and Dipak Ghosal" },
    title =        "{Wireless sensor network survey}",
    journal =      "Computer Networks",
    volume =       "52",
    number =       "12",
    pages =        "2292 - 2330",
    year =         "2008",
    DOI =          "https://doi.org/10.1016/j.comnet.2008.04.002",
    keywords =     "Wireless sensor networks, Protocols"
}

@article{Nikokheslat,
    author =      { "Hossein Dabbagh Nikokheslat and Ali Ghaffari" },
    title =        "{Protocol for Controlling Congestion in Wireless Sensor Networks}",
    journal =      "Wireless Personal Communications",
    volume =       "95",
    number =       "3",
    pages =        "3233 - 3251",
    year =         "August, 2017",
    DOI =          "https://doi.org/10.1007/s11277-017-3992-y",
    keywords =     "WSN Congestion control,Energy"
}

@article{Ahmed,
    author =      { "Abdulrauf Montaser Ahmed and Rajeev Paulus" },
    title =        "{Congestion detection technique for multipath routing and load balancing in WSN}",
    journal =      "Wireless Networks",
    volume =       "23",
    number =       "3",
    pages =        "881 - 888",
    year =         "April, 2017",
    DOI =          "https://doi.org/10.1007/s11276-015-1151-5",
    keywords =     "WSN Congestion control,Packet forwarding"
}

@article{Ullah,
    author =      { "Ihsan Ullah and Hee Yong Youn" },
    title =        "{Statistical Multipath Queue-Wise Preemption Routing for ZigBee-Based WSN}",
    journal =      "Wireless Personal Communications",
    volume =       "100",
    number =       "4",
    pages =        "1537 - 1551",
    year =         "June, 2018",
    DOI =          "https://doi.org/10.1007/s11277-018-5652-2",
    keywords =     "WSN Congestion control,Packet forwarding"
}

@article{Brahma,
    author =      { "Swastik Brahma and Mainak Chatterjee and Kevin Kwiat and Pramod K.Varshney" },
    title =        "{Traffic management in wireless sensor networks: Decoupling congestion control and fairness}",
    journal =      "Computer Communications",
    volume =       "35",
    number =       "6",
    pages =        "670 - 681",
    year =         "March,2012",
    DOI =          "https://doi.org/10.1016/j.comcom.2011.09.014",
    keywords =     "WSN Congestion control"
}

@article{Dhote,
    author =      { "Kanchan Dhote and G. M. Asutkar" },
    title =        "{Optimization of routing techniques in wireless sensor network using queue management}",
    journal =      "2017 Devices for Integrated Circuit (DevIC)",
    year =         "March,2017",
    DOI =          "https://10.1109/DEVIC.2017.8074000",
    keywords =     "WSN Congestion control"
}

@article{Biddut,
    author =      { "Md. Jaminul Haque Biddut and Md. Faizul Huq Arif and Nazrul Islam" },
    title =        "{Queue management of RED enabled ZigBee network based on packet size variations and distribution techniques}",
    journal =      "2017 International Conference on Electrical, Computer and Communication Engineering (ECCE)",
    year =         "February,2017",
    DOI =          "https://10.1109/ECACE.2017.7913012",
    keywords =     "WSN Congestion control"
}

@article{Rezaee,
    author =      { "Abbas Ali Rezaee and Faezeh Pasandideh" },
    title =        "{A Fuzzy Congestion Control Protocol Based on Active Queue Management in Wireless Sensor Networks with Medical Applications}",
    journal =      "Wireless Personal Communications",
    volume =       "98",
    number =       "1",
    pages =        "815 - 842",
    year =         "January 2018",
    DOI =          "https://doi.org/10.1007/s11277-017-4896-6",
    keywords =     "WSN Congestion control"
}

@article{Rawat,
    author =      { "Priyanka Rawat and Kamal Deep Singh and Hakima Chaouchi and Jean Marie Bonnin" },
    title =        "{Wireless sensor networks: a survey on recent developments and potential synergies}",
    journal =      "The Journal of Supercomputing",
    volume =       "68",
    number =       "1",
    pages =        "1 - 48",
    year =         "April 2014",
    DOI =          "https://doi.org/10.1007/s11227-013-1021-9",
    keywords =     "WSN Congestion control"
}

@article{Zhao,
    author =      { "Shijun Zhao and Panpan Wang and Junhai He" },
    title =        "{Simulation analysis of congestion control in WSN based on AQM}",
    journal =      "2011 International Conference on Mechatronic Science, Electric Engineering and Computer (MEC)",
    year =         "August,2011",
    DOI =          "https://10.1109/MEC.2011.6025434",
    keywords =     "WSN Congestion control"
}

@article{Ding,
    author =      { "Wei Ding and Liangrui Tang and Shiyu Ji" },
    title =        "{Optimizing routing based on congestion control for wireless sensor networks}",
    journal =      "Wireless Networks",
    volume =       "22",
    number =       "3",
    pages =        "915 - 925",
    year =         "April 2016",
    DOI =          "https://doi.org/10.1007/s11276-015-1016-y",
    keywords =     "WSN Congestion control"
}

@article{Shah,
    author =      { "Maqbool Shah and  Muhammad Yaseen Khan  and Haroon khan and Muhammad Noman Hayat and  Syed
Roohullah Jan" },
    title =        "{Congestion Control in Wireless Sensor NetworksAn overview of Current Trends}",
    journal =      "International Journal of Science and Engineering Applications",
    volume =       "5",
    number =       "5",
    pages =        "273 - 279",
    year =         "2016",
    DOI =          "https://10.7753/IJSEA0505.1007",
    keywords =     "WSN Congestion control"
}

@article{Amol,
    author =      { "Dhumane Amol and Prasad Rajesh" },
    title =        "{A Review on Active Queue Management Techniques of Congestion Control}",
    journal =      " 2014 International Conference on Electronic Systems, Signal Processing and Computing Technologies",
    pages =        "166 - 169",
    year =         "January, 2014",
    DOI =          "https://10.1109/ICESC.2014.34",
    keywords =     "WSN Congestion control"
}

@article{Simaiya,
    author =      { "Sarita Simaiya and Anurag Shrivastava and Narayan Prasad Keer" },
    title =        "{IRED Algorithm for Improvement in Performance of Mobile Ad Hoc Networks}",
    journal =      " 2014 Fourth International Conference on Communication Systems and Network Technologies",
    pages =        "283 - 287",
    year =         "April, 2014",
    DOI =          "https://10.1109/CSNT.2014.62",
    keywords =     "WSN Congestion control"
}

@article{Hamadneh,
    author =      { "Nabhan Hamadneh and David Murray and Michael Dixon and Peter Cole" },
    title =        "{Dynamic weight parameter for the Random Early Detection (RED) in TCP networks}",
    journal =      "International Journal of New Computer Architectures and their Applications",
    volume =       "2",
    number =       "2",
    pages =        "342 - 352",
    year =         "2012", 
    keywords =     "WSN Congestion control"
}

@article{Samiullah,
    author =      { "Md. Samiullah and S.M. Abdullah and A.F.M. Imamul Hoq Bappi and Shahed Anwar" },
    title =        "{Queue management based congestion control in wireless body sensor network}",
    journal =      "2012 International Conference on Informatics, Electronics & Vision (ICIEV)",
    pages =        "493 - 496",
    year =         "May, 2012",
    DOI =          "https://doi.org/10.1109/ICIEV.2012.6317349",
    keywords =     "WSN Congestion control"
}

@article{Han,
    author =      { "Donghyuk Han and Jong-Moon Chung" },
    title =        "{Self-Similar Traffic End-to-End Delay Minimization Multipath Routing Algorithm}",
    journal =      "IEEE Communications Letters",
    volume =       "18",
    number =       "12",
    pages =        "2121 - 2124",
    year =         "October, 2014", 
    DOI =          "https://doi.org/10.1109/LCOMM.2014.2362747",
    keywords =     "WSN Congestion control"
}

@article{Karim,
    author =      { "Lutful Karim and Nidal Nasser and Tarik Taleb and Abdullah Alqallaf
" },
    title =        "{An efficient priority packet scheduling algorithm for Wireless Sensor Network}",
    journal =      " 2012 IEEE International Conference on Communications (ICC)",
    pages =        "2121 - 2124",
    year =         "November, 2012", 
    DOI =          "https://doi.org/ 10.1109/ICC.2012.6364150",
    keywords =     "WSN Congestion control"
}
@article{Meng,
    author =      { "Tong Meng and Fan Wu and Zheng Yang and Guihai Chen and Athanasios V. Vasilakos" },
    title =        "{Spatial Reusability-Aware Routing in Multi-Hop Wireless Networks}",
    journal =      "IEEE Transactions on Computers",
    volume =       "65",
    number =       "1",
    pages =        "244 - 255",
    year =         "March, 2015",
    DOI =          "https://doi.org/ 10.1109/TC.2015.2417543",
    keywords =     "WSN Congestion control,Packet forwarding"
}

@article{Meng,
    author =      { "Syed Afsar Shah and Babar Nazir and Imran Ali Khan" },
    title =        "{Congestion control algorithms in wireless sensor networks: Trends and opportunities}",
    journal =      "Journal of King Saud University - Computer and Information Sciences",
    volume =       "29",
    number =       "3",
    pages =        "236 - 245",
    year =         "July, 2017",
    DOI =          "https://doi.org/10.1016/j.jksuci.2015.12.005",
    keywords =     "WSN Congestion control,Packet forwarding"
}


@article{Bouazzi,
    author =      { "Imen Bouazzi and Jamila Bhar and Mohamed Atri" },
    title =        "{A Queue Enhanced Backoff Algorithm for wireless sensor networks}",
    journal =      "2017 2nd International Conference on Anti-Cyber Crimes (ICACC)",
    pages =        "160 - 165",
    year =         "March, 2017", 
    DOI =          "https://doi.org/10.1109/Anti-Cybercrime.2017.7905283",
    keywords =     "WSN Congestion control"
}